@inproceedings{paper,
    author = {Kevin Ellis and Daniel Ritchie and Armando Solar-Lezama and Joshua B. Tenenbaum},
    title = "Learning to Infer Graphics Programs from Hand-drawn Images",
    year = 2018,
    Booktitle = "Advances in Neural Information Processing Systems"
  }

@inproceedings{paper2,
	author = {Daniel Ritchie and Anna Thomas and Pat Hanrahan and Noah Goodman},
	title = "Neurally-guided procedural models:
	Amortized inference for procedural graphics programs using neural networks.",
	year = "2016",
	Booktitle = "Advances in Neural Information Processing Systems"
}

@inproceedings{paper3,
	author = {SM Eslami and N Heess and T Weber},
	title = "Attend, infer, repeat: Fast scene understanding with generative models.",
	year = "2016",
	Booktitle = "Advances in Neural Information Processing Systems"
}

@book{book1,
	author    = {Arnaud Doucet and Nando de Freitas and Neil Gordon (Eds.)}, 
	title     = {Sequential Monte Carlo Methods in Practice},
	publisher = {Springer-Verlag New York},
	year      = 2001,
	edition   = 1
}

@phdthesis{thesis1,
	author       = {Armando Solar Lezama}, 
	title        = {Program Synthesis By Sketching},
	school       = {EECS Department, University of
	California, Berkeley},
	year         = 2008
}

@inproceedings{adampaper,
	Author = {Kingma, D. and Ba, J-L.},
	Title = {Adam: A method for Stochastic Optimization},
	Booktitle = {International Conference on Learning Representations},
	Year = {2015}
}